@book{scutari2021bayesian,
  title={Bayesian Networks: With Examples in R},
  author={Scutari, Marco and Denis, Jean-Baptiste},
  edition={2},
  publisher={CRC Press},
  year={2021},
  series={Texts in Statistical Science},
  isbn={978-0-367-36651-3}
}

@online{who2018,
  author = {Organización Mundial de la Salud},
  title  = {Nueve de cada diez personas de todo el mundo respiran aire contaminado},
  year   = {2018},
  url    = {https://www.who.int/es/news/item/02-05-2018-9-out-of-10-people-worldwide-breathe-polluted-air-but-more-countries-are-taking-action},
  note   = {Consultado: 06-09-2025}
}

@online{airly,
  author = {Airly},
  title  = {What is PM2.5 and PM10? Info about particulate matter (particle pollution)},
  year   = {s.f.},
  url    = {https://airly.org/en/what-is-pm10-and-what-is-pm2-5/},
  note   = {Consultado: 06-09-2025}
}

@online{ivhhn2003,
  author = {IVHHN},
  title  = {Dióxido de azufre (SO2)},
  year   = {2003},
  url    = {https://www.ivhhn.org/es/guidelines/guia-sobre-gases-volcanicos/dioxido-de-azufre},
  note   = {Consultado: 06-09-2025}
}

@online{mayoclinic2025,
  author = {Mayo Clinic},
  title  = {Intoxicación con monóxido de carbono},
  year   = {2025},
  url    = {https://www.mayoclinic.org/es/diseases-conditions/carbon-monoxide/symptoms-causes/syc-20370642},
  note   = {Consultado: 06-09-2025}
}
@online{atsdr2026,
  author = {ATSDR},
  title  = {ToxFAQs™ – Óxidos de nitrógeno (monóxido de nitrógeno, dióxido de nitrógeno, etc.) (Nitrogen Oxides)},
  year   = {2026},
  url    = {https://www.atsdr.cdc.gov/es/toxfaqs/es_tfacts175.html},
  note   = {Consultado: 06-09-2025}
}

@online{epa2025,
  author = {Agencia de Protección Ambiental de los Estados Unidos},
  title  = {El impacto de los compuestos orgánicos volátiles en la calidad del aire interior},
  year   = {2025},
  url    = {https://espanol.epa.gov/cai/el-impacto-de-los-compuestos-organicos-volatiles-en-la-calidad-del-aire-interior},
  note   = {Consultado: 06-09-2025}
}
@online{atsdr2016,
  author = {ATSDR},
  title  = {Resúmenes de Salud Pública – Amoníaco (Ammonia)},
  year   = {2016},
  url    = {https://www.atsdr.cdc.gov/es/phs/es_phs126.html},
  note   = {Consultado: 06-09-2025}
}

@book{scutari2021bayesian,
  title={Bayesian Networks: With Examples in R},
  author={Scutari, Marco and Denis, Jean-Baptiste},
  edition={2},
  publisher={CRC Press},
  year={2021},
  series={Texts in Statistical Science},
  isbn={978-0-367-36651-3}
}

@inbook{cowell,
author = {Cowell, R.G. and Dawid, Alexander and Lauritzen, Steffen and Spiegelhalter, David},
year = {2001},
month = {01},
pages = {125-126},
title = {Probabilistic Networks and Expert Systems},
volume = {43},
journal = {Technometrics}
}

@phdthesis{tesis,
  author = {Rosario Susi García},
  title = {Análisis de sensibilidad en redes bayesianas gaussianas},
  school = {Universidad Complutense de Madrid},
  year = {2007},
  address = {Madrid}
}
